@Book{Wald1984,
  author    = {Wald, Robert M.},
  publisher = {University of Chicago Pr.},
  title     = {General Relativity},
  year      = {1984},
  isbn      = {0-226-87033-2},
  ean       = {9780226870335},
  url       = {https://www.ebook.de/de/product/3238000/robert_m_wald_general_relativity.html},
}

@Book{Wang2020,
  author    = {王运永},
  publisher = {科学出版社},
  title     = {引力波探测},
  year      = {2020},
  isbn      = {978-7-03-064766-5},
}

@Article{Sathyaprakash2009,
  author       = {B. S. Sathyaprakash and Bernard F. Schutz},
  journal      = {Living Reviews in Relativity},
  title        = {Physics, Astrophysics and Cosmology with Gravitational Waves},
  year         = {2009},
  issn         = {2367-3613},
  month        = dec,
  number       = {1},
  pages        = {2},
  volume       = {12},
  abstract     = {Gravitational wave detectors are already operating at interesting         sensitivity levels, and they have an upgrade path that should         result in secure detections by 2014. We review the physics of         gravitational waves, how they interact with detectors (bars and         interferometers), and how these detectors operate. We study the         most likely sources of gravitational waves and review the data         analysis methods that are used to extract their signals from         detector noise. Then we consider the consequences of         gravitational wave detections and observations for physics,         astrophysics, and cosmology.},
  doi          = {10.12942/lrr-2009-2},
  eid          = {2},
  eprint       = {0903.0338},
  keywords     = {Gravitational waves, Gravitational wave sources, Gravitational wave detectors, Data analysis, General Relativity and Quantum Cosmology, Astrophysics - Cosmology and Nongalactic Astrophysics, Astrophysics - High Energy Astrophysical Phenomena, Astrophysics - Instrumentation and Methods for Astrophysics},
  primaryclass = {gr-qc},
  publisher    = {Springer Science and Business Media {LLC}},
  url          = {https://ui.adsabs.harvard.edu/abs/2009LRR....12....2S},
}

@Article{Maartens2008,
  author    = {Roy Maartens},
  journal   = {General Relativity and Gravitation},
  title     = {Nonlinear gravito-electromagnetism},
  year      = {2008},
  month     = jun,
  number    = {6},
  pages     = {1203--1217},
  volume    = {40},
  abstract  = {There is a non-linear and covariant electromagnetic analogy for gravity,         in which the full Bianchi identities are Maxwell-type equations         for the free gravitational field, encoded in the Weyl tensor.         This tensor gravito-electromagnetism is based on a covariant         generalization of spatial vector algebra and calculus to spatial         tensor fields, and includes all non-linear effects from the         gravitational field and matter sources. The non-linear vacuum         Bianchi equations are invariant under spatial duality rotation         of the gravito-electric and gravito-magnetic tensor fields. The         super-energy density and super-Poynting vector of the         gravitational field are natural duality invariants, and satisfy         a super-energy conservation equation.},
  doi       = {10.1007/s10714-007-0600-6},
  keywords  = {General relativity, Electromagnetism},
  publisher = {Springer Science and Business Media {LLC}},
  url       = {https://ui.adsabs.harvard.edu/abs/2008GReGr..40.1203M},
}

@Article{Finn1992,
  author    = {Finn, Lee S.},
  journal   = {Physical Review D},
  title     = {Detection, measurement, and gravitational radiation},
  year      = {1992},
  month     = {Dec},
  pages     = {5236--5249},
  volume    = {46},
  doi       = {10.1103/PhysRevD.46.5236},
  issue     = {12},
  numpages  = {0},
  publisher = {American Physical Society},
  url       = {https://link.aps.org/doi/10.1103/PhysRevD.46.5236},
}

@Article{Poisson1995,
  author    = {Poisson, Eric and Will, Clifford M.},
  journal   = {Physical Review D},
  title     = {Gravitational waves from inspiraling compact binaries: Parameter estimation using second-post-Newtonian waveforms},
  year      = {1995},
  month     = {Jul},
  pages     = {848--855},
  volume    = {52},
  doi       = {10.1103/PhysRevD.52.848},
  issue     = {2},
  numpages  = {0},
  publisher = {American Physical Society},
  url       = {https://link.aps.org/doi/10.1103/PhysRevD.52.848},
}

@Article{Blanchet1995,
  author    = {Blanchet, Luc and Damour, Thibault and Iyer, Bala R. and Will, Clifford M. and Wiseman, Alan G.},
  journal   = {Physical Review Letters},
  title     = {Gravitational-Radiation Damping of Compact Binary Systems to Second Post-Newtonian Order},
  year      = {1995},
  month     = {May},
  number    = {18},
  pages     = {3515--3518},
  volume    = {74},
  doi       = {10.1103/PhysRevLett.74.3515},
  issue     = {18},
  numpages  = {0},
  publisher = {American Physical Society},
  url       = {https://link.aps.org/doi/10.1103/PhysRevLett.74.3515},
}

@Article{Arun2005,
  author    = {Arun, K. G. and Iyer, Bala R and Sathyaprakash, B. S. and Sundararajan, Pranesh A},
  journal   = {Physical Review D},
  title     = {Parameter estimation of inspiralling compact binaries using 3.5 post-Newtonian gravitational wave phasing: The nonspinning case},
  year      = {2005},
  month     = {Apr},
  number    = {8},
  pages     = {084008},
  volume    = {71},
  doi       = {10.1103/PhysRevD.71.084008},
  issue     = {8},
  numpages  = {16},
  publisher = {American Physical Society},
  url       = {https://link.aps.org/doi/10.1103/PhysRevD.71.084008},
}

@Article{Abbott2017,
  author        = {Abbott, B. P. and Abbott, R. and Abbott, T. D. and Acernese, F. and Ackley, K. and Adams, C. and Adams, T. and Addesso, P. and Adhikari, R. X. and Adya, V. B. and Affeldt, C. and Afrough, M. and Agarwal, B. and Agathos, M. and Agatsuma, K. and Aggarwal, N. and Aguiar, O. D. and Aiello, L. and Ain, A. and Ajith, P. and Allen, B. and Allen, G. and Allocca, A. and Aloy, M. A. and Altin, P. A. and Amato, A. and Ananyeva, A. and Anderson, S. B. and Anderson, W. G. and Angelova, S. V. and Antier, S. and Appert, S. and Arai, K. and Araya, M. C. and Areeda, J. S. and Arnaud, N. and Arun, K. G. and Ascenzi, S. and Ashton, G. and Ast, M. and Aston, S. M. and Astone, P. and Atallah, D. V. and Aufmuth, P. and Aulbert, C. and AultONeal, K. and Austin, C. and Avila-Alvarez, A. and Babak, S. and Bacon, P. and Bader, M. K. M. and Bae, S. and Baker, P. T. and Baldaccini, F. and Ballardin, G. and Ballmer, S. W. and Banagiri, S. and Barayoga, J. C. and Barclay, S. E. and Barish, B. C. and Barker, D. and Barkett, K. and Barone, F. and Barr, B. and Barsotti, L. and Barsuglia, M. and Barta, D. and Bartlett, J. and Bartos, I. and Bassiri, R. and Basti, A. and Batch, J. C. and Bawaj, M. and Bayley, J. C. and Bazzan, M. and B{\'e}csy, B. and Beer, C. and Bejger, M. and Belahcene, I. and Bell, A. S. and Berger, B. K. and Bergmann, G. and Bero, J. J. and Berry, C. P. L. and Bersanetti, D. and Bertolini, A. and Betzwieser, J. and Bhagwat, S. and Bhandare, R. and Bilenko, I. A. and Billingsley, G. and Billman, C. R. and Birch, J. and Birney, R. and Birnholtz, O. and Biscans, S. and Biscoveanu, S. and Bisht, A. and Bitossi, M. and Biwer, C. and Bizouard, M. A. and Blackburn, J. K. and Blackman, J. and Blair, C. D. and Blair, D. G. and Blair, R. M. and Bloemen, S. and Bock, O. and Bode, N. and Boer, M. and Bogaert, G. and Bohe, A. and Bondu, F. and Bonilla, E. and Bonnand, R. and Boom, B. A. and Bork, R. and Boschi, V. and Bose, S. and Bossie, K. and Bouffanais, Y. and Bozzi, A. and Bradaschia, C. and Brady, P. R. and Branchesi, M. and Brau, J. E. and Briant, T. and Brillet, A. and Brinkmann, M. and Brisson, V. and Brockill, P. and Broida, J. E. and Brooks, A. F. and Brown, D. A. and Brown, D. D. and Brunett, S. and Buchanan, C. C. and Buikema, A. and Bulik, T. and Bulten, H. J. and Buonanno, A. and Buskulic, D. and Buy, C. and Byer, R. L. and Cabero, M. and Cadonati, L. and Cagnoli, G. and Cahillane, C. and Calder{\'o}n Bustillo, J. and Callister, T. A. and Calloni, E. and Camp, J. B. and Canepa, M. and Canizares, P. and Cannon, K. C. and Cao, H. and Cao, J. and Capano, C. D. and Capocasa, E. and Carbognani, F. and Caride, S. and Carney, M. F. and Casanueva Diaz, J. and Casentini, C. and Caudill, S. and Cavagli{\`a}, M. and Cavalier, F. and Cavalieri, R. and Cella, G. and Cepeda, C. B. and Cerd{\'a}-Dur{\'a}n, P. and Cerretani, G. and Cesarini, E. and Chamberlin, S. J. and Chan, M. and Chao, S. and Charlton, P. and Chase, E. and Chassande-Mottin, E. and Chatterjee, D. and Chatziioannou, K. and Cheeseboro, B. D. and Chen, H. Y. and Chen, X. and Chen, Y. and Cheng, H. P. and Chia, H. and Chincarini, A. and Chiummo, A. and Chmiel, T. and Cho, H. S. and Cho, M. and Chow, J. H. and Christensen, N. and Chu, Q. and Chua, A. J. K. and Chua, S. and Chung, A. K. W. and Chung, S. and Ciani, G. and Ciolfi, R. and Cirelli, C. E. and Cirone, A. and Clara, F. and Clark, J. A. and Clearwater, P. and Cleva, F. and Cocchieri, C. and Coccia, E. and Cohadon, P. F. and Cohen, D. and Colla, A. and Collette, C. G. and Cominsky, L. R. and Constancio, M., Jr. and Conti, L. and Cooper, S. J. and Corban, P. and Corbitt, T. R. and Cordero-Carri{\'o}n, I. and Corley, K. R. and Cornish, N. and Corsi, A. and Cortese, S. and Costa, C. A. and Coughlin, M. W. and Coughlin, S. B. and Coulon, J. P. and Countryman, S. T. and Couvares, P. and Covas, P. B. and Cowan, E. E. and Coward, D. M. and Cowart, M. J. and Coyne, D. C. and Coyne, R. and Creighton, J. D. E. and Creighton, T. D. and Cripe, J. and Crowder, S. G. and Cullen, T. J. and Cumming, A. and Cunningham, L. and Cuoco, E. and Dal Canton, T. and D{\'a}lya, G. and Danilishin, S. L. and D'Antonio, S. and Danzmann, K. and Dasgupta, A. and Da Silva Costa, C. F. and Dattilo, V. and Dave, I. and Davier, M. and Davis, D. and Daw, E. J. and Day, B. and De, S. and DeBra, D. and Degallaix, J. and De Laurentis, M. and Del{\'e}glise, S. and Del Pozzo, W. and Demos, N. and Denker, T. and Dent, T. and De Pietri, R. and Dergachev, V. and De Rosa, R. and DeRosa, R. T. and De Rossi, C. and DeSalvo, R. and de Varona, O. and Devenson, J. and Dhurandhar, S. and D{\'\i}az, M. C. and Di Fiore, L. and Di Giovanni, M. and Di Girolamo, T. and Di Lieto, A. and Di Pace, S. and Di Palma, I. and Di Renzo, F. and Doctor, Z. and Dolique, V. and Donovan, F. and Dooley, K. L. and Doravari, S. and Dorrington, I. and Douglas, R. and Dovale {\'A}lvarez, M. and Downes, T. P. and Drago, M. and Dreissigacker, C. and Driggers, J. C. and Du, Z. and Ducrot, M. and Dupej, P. and Dwyer, S. E. and Edo, T. B. and Edwards, M. C. and Effler, A. and Eggenstein, H. B. and Ehrens, P. and Eichholz, J. and Eikenberry, S. S. and Eisenstein, R. A. and Essick, R. C. and Estevez, D. and Etienne, Z. B. and Etzel, T. and Evans, M. and Evans, T. M. and Factourovich, M. and Fafone, V. and Fair, H. and Fairhurst, S. and Fan, X. and Farinon, S. and Farr, B. and Farr, W. M. and Fauchon-Jones, E. J. and Favata, M. and Fays, M. and Fee, C. and Fehrmann, H. and Feicht, J. and Fejer, M. M. and Fernandez-Galiana, A. and Ferrante, I. and Ferreira, E. C. and Ferrini, F. and Fidecaro, F. and Finstad, D. and Fiori, I. and Fiorucci, D. and Fishbach, M. and Fisher, R. P. and Fitz-Axen, M. and Flaminio, R. and Fletcher, M. and Fong, H. and Font, J. A. and Forsyth, P. W. F. and Forsyth, S. S. and Fournier, J. D. and Frasca, S. and Frasconi, F. and Frei, Z. and Freise, A. and Frey, R. and Frey, V. and Fries, E. M. and Fritschel, P. and Frolov, V. V. and Fulda, P. and Fyffe, M. and Gabbard, H. and Gadre, B. U. and Gaebel, S. M. and Gair, J. R. and Gammaitoni, L. and Ganija, M. R. and Gaonkar, S. G. and Garcia-Quiros, C. and Garufi, F. and Gateley, B. and Gaudio, S. and Gaur, G. and Gayathri, V. and Gehrels, N. and Gemme, G. and Genin, E. and Gennai, A. and George, D. and George, J. and Gergely, L. and Germain, V. and Ghonge, S. and Ghosh, Abhirup and Ghosh, Archisman and Ghosh, S. and Giaime, J. A. and Giardina, K. D. and Giazotto, A. and Gill, K. and Glover, L. and Goetz, E. and Goetz, R. and Gomes, S. and Goncharov, B. and Gonz{\'a}lez, G. and Gonzalez Castro, J. M. and Gopakumar, A. and Gorodetsky, M. L. and Gossan, S. E. and Gosselin, M. and Gouaty, R. and Grado, A. and Graef, C. and Granata, M. and Grant, A. and Gras, S. and Gray, C. and Greco, G. and Green, A. C. and Gretarsson, E. M. and Groot, P. and Grote, H. and Grunewald, S. and Gruning, P. and Guidi, G. M. and Guo, X. and Gupta, A. and Gupta, M. K. and Gushwa, K. E. and Gustafson, E. K. and Gustafson, R. and Halim, O. and Hall, B. R. and Hall, E. D. and Hamilton, E. Z. and Hammond, G. and Haney, M. and Hanke, M. M. and Hanks, J. and Hanna, C. and Hannam, M. D. and Hannuksela, O. A. and Hanson, J. and Hardwick, T. and Harms, J. and Harry, G. M. and Harry, I. W. and Hart, M. J. and Haster, C. J. and Haughian, K. and Healy, J. and Heidmann, A. and Heintze, M. C. and Heitmann, H. and Hello, P. and Hemming, G. and Hendry, M. and Heng, I. S. and Hennig, J. and Heptonstall, A. W. and Heurs, M. and Hild, S. and Hinderer, T. and Hoak, D. and Hofman, D. and Holt, K. and Holz, D. E. and Hopkins, P. and Horst, C. and Hough, J. and Houston, E. A. and Howell, E. J. and Hreibi, A. and Hu, Y. M. and Huerta, E. A. and Huet, D. and Hughey, B. and Husa, S. and Huttner, S. H. and Huynh-Dinh, T. and Indik, N. and Inta, R. and Intini, G. and Isa, H. N. and Isac, J. M. and Isi, M. and Iyer, B. R. and Izumi, K. and Jacqmin, T. and Jani, K. and Jaranowski, P. and Jawahar, S. and Jim{\'e}nez-Forteza, F. and Johnson, W. W. and Johnson-McDaniel, N. K. and Jones, D. I. and Jones, R. and Jonker, R. J. G. and Ju, L. and Junker, J. and Kalaghatgi, C. V. and Kalogera, V. and Kamai, B. and Kandhasamy, S. and Kang, G. and Kanner, J. B. and Kapadia, S. J. and Karki, S. and Karvinen, K. S. and Kasprzack, M. and Kastaun, W. and Katolik, M. and Katsavounidis, E. and Katzman, W. and Kaufer, S. and Kawabe, K. and K{\'e}f{\'e}lian, F. and Keitel, D. and Kemball, A. J. and Kennedy, R. and Kent, C. and Key, J. S. and Khalili, F. Y. and Khan, I. and Khan, S. and Khan, Z. and Khazanov, E. A. and Kijbunchoo, N. and Kim, Chunglee and Kim, J. C. and Kim, K. and Kim, W. and Kim, W. S. and Kim, Y. M. and Kimbrell, S. J. and King, E. J. and King, P. J. and Kinley-Hanlon, M. and Kirchhoff, R. and Kissel, J. S. and Kleybolte, L. and Klimenko, S. and Knowles, T. D. and Koch, P. and Koehlenbeck, S. M. and Koley, S. and Kondrashov, V. and Kontos, A. and Korobko, M. and Korth, W. Z. and Kowalska, I. and Kozak, D. B. and Kr{\"a}mer, C. and Kringel, V. and Krishnan, B. and Kr{\'o}lak, A. and Kuehn, G. and Kumar, P. and Kumar, R. and Kumar, S. and Kuo, L. and Kutynia, A. and Kwang, S. and Lackey, B. D. and Lai, K. H. and Landry, M. and Lang, R. N. and Lange, J. and Lantz, B. and Lanza, R. K. and Lartaux-Vollard, A. and Lasky, P. D. and Laxen, M. and Lazzarini, A. and Lazzaro, C. and Leaci, P. and Leavey, S. and Lee, C. H. and Lee, H. K. and Lee, H. M. and Lee, H. W. and Lee, K. and Lehmann, J. and Lenon, A. and Leonardi, M. and Leroy, N. and Letendre, N. and Levin, Y. and Li, T. G. F. and Linker, S. D. and Littenberg, T. B. and Liu, J. and Lo, R. K. L. and Lockerbie, N. A. and London, L. T. and Lord, J. E. and Lorenzini, M. and Loriette, V. and Lormand, M. and Losurdo, G. and Lough, J. D. and Lousto, C. O. and Lovelace, G. and L{\"u}ck, H. and Lumaca, D. and Lundgren, A. P. and Lynch, R. and Ma, Y. and Macas, R. and Macfoy, S. and Machenschalk, B. and MacInnis, M. and Macleod, D. M. and Maga{\~n}a Hernandez, I. and Maga{\~n}a-Sandoval, F. and Maga{\~n}a Zertuche, L. and Magee, R. M. and Majorana, E. and Maksimovic, I. and Man, N. and Mandic, V. and Mangano, V. and Mansell, G. L. and Manske, M. and Mantovani, M. and Marchesoni, F. and Marion, F. and M{\'a}rka, S. and M{\'a}rka, Z. and Markakis, C. and Markosyan, A. S. and Markowitz, A. and Maros, E. and Marquina, A. and Martelli, F. and Martellini, L. and Martin, I. W. and Martin, R. M. and Martynov, D. V. and Mason, K. and Massera, E. and Masserot, A. and Massinger, T. J. and Masso-Reid, M. and Mastrogiovanni, S. and Matas, A. and Matichard, F. and Matone, L. and Mavalvala, N. and Mazumder, N. and McCarthy, R. and McClelland, D. E. and McCormick, S. and McCuller, L. and McGuire, S. C. and McIntyre, G. and McIver, J. and McManus, D. J. and McNeill, L. and McRae, T. and McWilliams, S. T. and Meacher, D. and Meadors, G. D. and Mehmet, M. and Meidam, J. and Mejuto-Villa, E. and Melatos, A. and Mendell, G. and Mercer, R. A. and Merilh, E. L. and Merzougui, M. and Meshkov, S. and Messenger, C. and Messick, C. and Metzdorff, R. and Meyers, P. M. and Miao, H. and Michel, C. and Middleton, H. and Mikhailov, E. E. and Milano, L. and Miller, A. L. and Miller, B. B. and Miller, J. and Millhouse, M. and Milovich-Goff, M. C. and Minazzoli, O. and Minenkov, Y. and Ming, J. and Mishra, C. and Mitra, S. and Mitrofanov, V. P. and Mitselmakher, G. and Mittleman, R. and Moffa, D. and Moggi, A. and Mogushi, K. and Mohan, M. and Mohapatra, S. R. P. and Montani, M. and Moore, C. J. and Moraru, D. and Moreno, G. and Morriss, S. R. and Mours, B. and Mow-Lowry, C. M. and Mueller, G. and Muir, A. W. and Mukherjee, Arunava and Mukherjee, D. and Mukherjee, S. and Mukund, N. and Mullavey, A. and Munch, J. and Mu{\~n}iz, E. A. and Muratore, M. and Murray, P. G. and Napier, K. and Nardecchia, I. and Naticchioni, L. and Nayak, R. K. and Neilson, J. and Nelemans, G. and Nelson, T. J. N. and Nery, M. and Neunzert, A. and Nevin, L. and Newport, J. M. and Newton, G. and Ng, K. K. Y. and Nguyen, T. T. and Nichols, D. and Nielsen, A. B. and Nissanke, S. and Nitz, A. and Noack, A. and Nocera, F. and Nolting, D. and North, C. and Nuttall, L. K. and Oberling, J. and O'Dea, G. D. and Ogin, G. H. and Oh, J. J. and Oh, S. H. and Ohme, F. and Okada, M. A. and Oliver, M. and Oppermann, P. and Oram, Richard J. and O'Reilly, B. and Ormiston, R. and Ortega, L. F. and O'Shaughnessy, R. and Ossokine, S. and Ottaway, D. J. and Overmier, H. and Owen, B. J. and Pace, A. E. and Page, J. and Page, M. A. and Pai, A. and Pai, S. A. and Palamos, J. R. and Palashov, O. and Palomba, C. and Pal-Singh, A. and Pan, Howard and Pan, Huang-Wei and Pang, B. and Pang, P. T. H. and Pankow, C. and Pannarale, F. and Pant, B. C. and Paoletti, F. and Paoli, A. and Papa, M. A. and Parida, A. and Parker, W. and Pascucci, D. and Pasqualetti, A. and Passaquieti, R. and Passuello, D. and Patil, M. and Patricelli, B. and Pearlstone, B. L. and Pedraza, M. and Pedurand, R. and Pekowsky, L. and Pele, A. and Penn, S. and Perez, C. J. and Perreca, A. and Perri, L. M. and Pfeiffer, H. P. and Phelps, M. and Piccinni, O. J. and Pichot, M. and Piergiovanni, F. and Pierro, V. and Pillant, G. and Pinard, L. and Pinto, I. M. and Pirello, M. and Pitkin, M. and Poe, M. and Poggiani, R. and Popolizio, P. and Porter, E. K. and Post, A. and Powell, J. and Prasad, J. and Pratt, J. W. W. and Pratten, G. and Predoi, V. and Prestegard, T. and Prijatelj, M. and Principe, M. and Privitera, S. and Prodi, G. A. and Prokhorov, L. G. and Puncken, O. and Punturo, M. and Puppo, P. and P{\"u}rrer, M. and Qi, H. and Quetschke, V. and Quintero, E. A. and Quitzow-James, R. and Raab, F. J. and Rabeling, D. S. and Radkins, H. and Raffai, P. and Raja, S. and Rajan, C. and Rajbhandari, B. and Rakhmanov, M. and Ramirez, K. E. and Ramos-Buades, A. and Rapagnani, P. and Raymond, V. and Razzano, M. and Read, J. and Regimbau, T. and Rei, L. and Reid, S. and Reitze, D. H. and Ren, W. and Reyes, S. D. and Ricci, F. and Ricker, P. M. and Rieger, S. and Riles, K. and Rizzo, M. and Robertson, N. A. and Robie, R. and Robinet, F. and Rocchi, A. and Rolland, L. and Rollins, J. G. and Roma, V. J. and Romano, R. and Romel, C. L. and Romie, J. H. and Rosi{\'n}ska, D. and Ross, M. P. and Rowan, S. and R{\"u}diger, A. and Ruggi, P. and Rutins, G. and Ryan, K. and Sachdev, S. and Sadecki, T. and Sadeghian, L. and Sakellariadou, M. and Salconi, L. and Saleem, M. and Salemi, F. and Samajdar, A. and Sammut, L. and Sampson, L. M. and Sanchez, E. J. and Sanchez, L. E. and Sanchis-Gual, N. and Sandberg, V. and Sanders, J. R. and Sassolas, B. and Sathyaprakash, B. S. and Saulson, P. R. and Sauter, O. and Savage, R. L. and Sawadsky, A. and Schale, P. and Scheel, M. and Scheuer, J. and Schmidt, J. and Schmidt, P. and Schnabel, R. and Schofield, R. M. S. and Sch{\"o}nbeck, A. and Schreiber, E. and Schuette, D. and Schulte, B. W. and Schutz, B. F. and Schwalbe, S. G. and Scott, J. and Scott, S. M. and Seidel, E. and Sellers, D. and Sengupta, A. S. and Sentenac, D. and Sequino, V. and Sergeev, A. and Shaddock, D. A. and Shaffer, T. J. and Shah, A. A. and Shahriar, M. S. and Shaner, M. B. and Shao, L. and Shapiro, B. and Shawhan, P. and Sheperd, A. and Shoemaker, D. H. and Shoemaker, D. M. and Siellez, K. and Siemens, X. and Sieniawska, M. and Sigg, D. and Silva, A. D. and Singer, L. P. and Singh, A. and Singhal, A. and Sintes, A. M. and Slagmolen, B. J. J. and Smith, B. and Smith, J. R. and Smith, R. J. E. and Somala, S. and Son, E. J. and Sonnenberg, J. A. and Sorazu, B. and Sorrentino, F. and Souradeep, T. and Spencer, A. P. and Srivastava, A. K. and Staats, K. and Staley, A. and Steinke, M. and Steinlechner, J. and Steinlechner, S. and Steinmeyer, D. and Stevenson, S. P. and Stone, R. and Stops, D. J. and Strain, K. A. and Stratta, G. and Strigin, S. E. and Strunk, A. and Sturani, R. and Stuver, A. L. and Summerscales, T. Z. and Sun, L. and Sunil, S. and Suresh, J. and Sutton, P. J. and Swinkels, B. L. and Szczepa{\'n}czyk, M. J. and Tacca, M. and Tait, S. C. and Talbot, C. and Talukder, D. and Tanner, D. B. and T{\'a}pai, M. and Taracchini, A. and Tasson, J. D. and Taylor, J. A. and Taylor, R. and Tewari, S. V. and Theeg, T. and Thies, F. and Thomas, E. G. and Thomas, M. and Thomas, P. and Thorne, K. A. and Thorne, K. S. and Thrane, E. and Tiwari, S. and Tiwari, V. and Tokmakov, K. V. and Toland, K. and Tonelli, M. and Tornasi, Z. and Torres-Forn{\'e}, A. and Torrie, C. I. and T{\"o}yr{\"a}, D. and Travasso, F. and Traylor, G. and Trinastic, J. and Tringali, M. C. and Trozzo, L. and Tsang, K. W. and Tse, M. and Tso, R. and Tsukada, L. and Tsuna, D. and Tuyenbayev, D. and Ueno, K. and Ugolini, D. and Unnikrishnan, C. S. and Urban, A. L. and Usman, S. A. and Vahlbruch, H. and Vajente, G. and Valdes, G. and van Bakel, N. and van Beuzekom, M. and van den Brand, J. F. J. and Van Den Broeck, C. and Vander-Hyde, D. C. and van der Schaaf, L. and van Heijningen, J. V. and van Veggel, A. A. and Vardaro, M. and Varma, V. and Vass, S. and Vas{\'u}th, M. and Vecchio, A. and Vedovato, G. and Veitch, J. and Veitch, P. J. and Venkateswara, K. and Venugopalan, G. and Verkindt, D. and Vetrano, F. and Vicer{\'e}, A. and Viets, A. D. and Vinciguerra, S. and Vine, D. J. and Vinet, J. Y. and Vitale, S. and Vo, T. and Vocca, H. and Vorvick, C. and Vyatchanin, S. P. and Wade, A. R. and Wade, L. E. and Wade, M. and Walet, R. and Walker, M. and Wallace, L. and Walsh, S. and Wang, G. and Wang, H. and Wang, J. Z. and Wang, W. H. and Wang, Y. F. and Ward, R. L. and Warner, J. and Was, M. and Watchi, J. and Weaver, B. and Wei, L. W. and Weinert, M. and Weinstein, A. J. and Weiss, R. and Wen, L. and Wessel, E. K. and We{\ss}els, P. and Westerweck, J. and Westphal, T. and Wette, K. and Whelan, J. T. and Whitcomb, S. E. and Whiting, B. F. and Whittle, C. and Wilken, D. and Williams, D. and Williams, R. D. and Williamson, A. R. and Willis, J. L. and Willke, B. and Wimmer, M. H. and Winkler, W. and Wipf, C. C. and Wittel, H. and Woan, G. and Woehler, J. and Wofford, J. and Wong, K. W. K. and Worden, J. and Wright, J. L. and Wu, D. S. and Wysocki, D. M. and Xiao, S. and Yamamoto, H. and Yancey, C. C. and Yang, L. and Yap, M. J. and Yazback, M. and Yu, Hang and Yu, Haocun and Yvert, M. and Zadro{\.z}ny, A. and Zanolin, M. and Zelenova, T. and Zendri, J. P. and Zevin, M. and Zhang, L. and Zhang, M. and Zhang, T. and Zhang, Y. H. and Zhao, C. and Zhou, M. and Zhou, Z. and Zhu, S. J. and Zhu, X. J. and Zimmerman, A. B. and Zucker, M. E. and Zweizig, J. and (LIGO Scientific Collaboration and Virgo Collaboration and Burns, E. and Veres, P. and Kocevski, D. and Racusin, J. and Goldstein, A. and Connaughton, V. and Briggs, M. S. and Blackburn, L. and Hamburg, R. and Hui, C. M. and von Kienlin, A. and McEnery, J. and Preece, R. D. and Wilson-Hodge, C. A. and Bissaldi, E. and Cleveland, W. H. and Gibby, M. H. and Giles, M. M. and Kippen, R. M. and McBreen, S. and Meegan, C. A. and Paciesas, W. S. and Poolakkil, S. and Roberts, O. J. and Stanbro, M. and Gamma-ray Burst Monitor, (Fermi and Savchenko, V. and Ferrigno, C. and Kuulkers, E. and Bazzano, A. and Bozzo, E. and Brandt, S. and Chenevez, J. and Courvoisier, T. J. L. and Diehl, R. and Domingo, A. and Hanlon, L. and Jourdain, E. and Laurent, P. and Lebrun, F. and Lutovinov, A. and Mereghetti, S. and Natalucci, L. and Rodi, J. and Roques, J. P. and Sunyaev, R. and Ubertini, P. and (INTEGRAL},
  journal       = {The Astrophysical Journal},
  title         = {Gravitational Waves and Gamma-Rays from a Binary Neutron Star Merger: {GW}170817 and {GRB} 170817A},
  year          = {2017},
  month         = oct,
  number        = {2},
  pages         = {L13},
  volume        = {848},
  abstract      = {On 2017 August 17, the gravitational-wave event GW170817 was observed by         the Advanced LIGO and Virgo detectors, and the gamma-ray burst         (GRB) GRB 170817A was observed independently by the Fermi Gamma-         ray Burst Monitor, and the Anti-Coincidence Shield for the         Spectrometer for the International Gamma-Ray Astrophysics         Laboratory. The probability of the near-simultaneous temporal         and spatial observation of GRB 170817A and GW170817 occurring by         chance is 5.0{\texttimes} \{10\}$^{-8}$. We therefore confirm         binary neutron star mergers as a progenitor of short GRBs. The         association of GW170817 and GRB 170817A provides new insight         into fundamental physics and the origin of short GRBs. We use         the observed time delay of (+1.74+/- 0.05) \{\{s\}\} between GRB         170817A and GW170817 to: (I) constrain the difference between         the speed of gravity and the speed of light to be between         -3{\texttimes} \{10\}$^{-15}$ and +7{\texttimes} \{10\}$^{-16}$         times the speed of light, (II) place new bounds on the violation         of Lorentz invariance, (III) present a new test of the         equivalence principle by constraining the Shapiro delay between         gravitational and electromagnetic radiation. We also use the         time delay to constrain the size and bulk Lorentz factor of the         region emitting the gamma-rays. GRB 170817A is the closest short         GRB with a known distance, but is between 2 and 6 orders of         magnitude less energetic than other bursts with measured         redshift. A new generation of gamma-ray detectors, and         subthreshold searches in existing detectors, will be essential         to detect similar short bursts at greater distances. Finally, we         predict a joint detection rate for the Fermi Gamma-ray Burst         Monitor and the Advanced LIGO and Virgo detectors of 0.1-1.4 per         year during the 2018-2019 observing run and 0.3-1.7 per year at         design sensitivity.},
  archiveprefix = {arXiv},
  doi           = {10.3847/2041-8213/aa920c},
  eid           = {L13},
  eprint        = {1710.05834},
  keywords      = {binaries: close, gamma-ray burst: general, gravitational waves, Astrophysics - High Energy Astrophysical Phenomena, General Relativity and Quantum Cosmology},
  primaryclass  = {astro-ph.HE},
  publisher     = {American Astronomical Society},
  url           = {https://ui.adsabs.harvard.edu/abs/2017ApJ...848L..13A},
}

@Article{Roy2020,
  author    = {Roy, Soumendra Kishore and Koley, Ratna and Majumdar, Parthasarathi},
  journal   = {Phys. Rev. D},
  title     = {Probing the post-Minkowskian approximation using recursive addition of self-interactions},
  year      = {2020},
  month     = {Oct},
  pages     = {084045},
  volume    = {102},
  doi       = {10.1103/PhysRevD.102.084045},
  issue     = {8},
  numpages  = {8},
  publisher = {American Physical Society},
  url       = {https://link.aps.org/doi/10.1103/PhysRevD.102.084045},
}

@Misc{Blanchet1996,
  author        = {Luc Blanchet},
  title         = {Gravitational radiation from relativistic sources},
  year          = {1996},
  archiveprefix = {arXiv},
  eprint        = {gr-qc/9607025},
  primaryclass  = {gr-qc},
}

@Book{Maggiore2014,
  author    = {Maggiore, Michele},
  publisher = {Oxford University Press},
  title     = {Maggiore},
  year      = {2014},
  address   = {Oxford},
  edition   = {Repr with corr.},
  isbn      = {978-0-19-857074-5},
  number    = {Theory and experiments},
  volume    = {1},
  pagetotal = {554},
  ppn_gvk   = {1489991220},
  subtitle  = {Michele},
}

@Comment{jabref-meta: databaseType:bibtex;}
