@Book{Wald1984,
  author    = {Wald, Robert M.},
  publisher = {University of Chicago Pr.},
  title     = {General Relativity},
  year      = {1984},
  isbn      = {0-226-87033-2},
  ean       = {9780226870335},
  url       = {https://www.ebook.de/de/product/3238000/robert_m_wald_general_relativity.html},
}

@Comment{jabref-meta: databaseType:bibtex;}
